<?xml version="1.0" ?>
<collection>
<record xmlns:marc="http://www.loc.gov/MARC21/slim"><leader>01672cam a2200433Ia 4500</leader><controlfield tag="001">in00005277078</controlfield><controlfield tag="003">OCoLC</controlfield><controlfield tag="005">20220616083641.0</controlfield><controlfield tag="008">990107s1999    onc           000 1 chi d</controlfield><datafield ind1=" " ind2=" " tag="010"><subfield code="a">cn 99930154 </subfield></datafield><datafield ind1=" " ind2=" " tag="019"><subfield code="a">sky200389885</subfield></datafield><datafield ind1=" " ind2=" " tag="020"><subfield code="a">9781896745916 (pbk.) :</subfield><subfield code="c">$24.30</subfield></datafield><datafield ind1=" " ind2=" " tag="020"><subfield code="a">1896745911 (pbk.) :</subfield><subfield code="c">$24.30</subfield></datafield><datafield ind1=" " ind2=" " tag="035"><subfield code="a">(CaEvSKY)sky223903384</subfield></datafield><datafield ind1=" " ind2=" " tag="035"><subfield code="a">(OCoLC)40735486</subfield></datafield><datafield ind1=" " ind2=" " tag="040"><subfield code="a">CaOTU</subfield><subfield code="b">eng</subfield><subfield code="c">NLC</subfield><subfield code="d">ZQP</subfield><subfield code="d">OCoLC</subfield><subfield code="d">SKYRV</subfield><subfield code="d">EEM</subfield><subfield code="d">UtOrBLW</subfield></datafield><datafield ind1=" " ind2=" " tag="049"><subfield code="a">EEMR</subfield></datafield><datafield ind1="0" ind2=" " tag="082"><subfield code="a">C895.1/3</subfield><subfield code="2">21</subfield></datafield><datafield ind1=" " ind2=" " tag="090"><subfield code="a">PL2877.Y36</subfield><subfield code="b">J53 1999</subfield></datafield><datafield ind1=" " ind2=" " tag="092"><subfield code="a">F</subfield><subfield code="b">Li Yan</subfield></datafield><datafield ind1="1" ind2=" " tag="100"><subfield code="6">880-01</subfield><subfield code="a">Li, Yan,</subfield><subfield code="d">1955-</subfield><subfield code="0">http://id.loc.gov/authorities/names/n97020015</subfield></datafield><datafield ind1="1" ind2="0" tag="245"><subfield code="6">880-02</subfield><subfield code="a">Jia de xi feng =</subfield><subfield code="b">Married to the west wind /</subfield><subfield code="c">Li Yen zhu.</subfield></datafield><datafield ind1="3" ind2="1" tag="246"><subfield code="a">Married to the west wind.</subfield></datafield><datafield ind1=" " ind2=" " tag="250"><subfield code="6">880-03</subfield><subfield code="a">Di 1 ban.</subfield></datafield><datafield ind1=" " ind2=" " tag="260"><subfield code="6">880-04</subfield><subfield code="a">Brampton, Ont. :</subfield><subfield code="b">Mirror Books,</subfield><subfield code="c">1999.</subfield></datafield><datafield ind1=" " ind2=" " tag="336"><subfield code="a">text</subfield><subfield code="b">txt</subfield><subfield code="2">rdacontent</subfield></datafield><datafield ind1=" " ind2=" " tag="337"><subfield code="a">unmediated</subfield><subfield code="b">n</subfield><subfield code="2">rdamedia</subfield></datafield><datafield ind1=" " ind2=" " tag="338"><subfield code="a">volume</subfield><subfield code="b">nc</subfield><subfield code="2">rdacarrier</subfield></datafield><datafield ind1="1" ind2=" " tag="490"><subfield code="6">880-05</subfield><subfield code="a">"Da jia xiao shuo" xi lie ;</subfield><subfield code="v">7</subfield></datafield><datafield ind1="1" ind2=" " tag="583"><subfield code="3">copy1</subfield><subfield code="a">Committed to retain</subfield><subfield code="c">20200101</subfield><subfield code="d">20341231</subfield><subfield code="f">MI-SPI</subfield><subfield code="u">http://www.mcls.org/engagement/mi-spi/</subfield><subfield code="5">MiEM</subfield></datafield><datafield ind1=" " ind2="0" tag="830"><subfield code="a">"Da jia xiao shuo" xi lie ;</subfield><subfield code="v">7.</subfield><subfield code="0">http://id.loc.gov/authorities/names/nr2002036664</subfield></datafield><datafield ind1=" " ind2="0" tag="830"><subfield code="a">《大家小說》系列 ;</subfield><subfield code="v">7.</subfield></datafield><datafield ind1="1" ind2=" " tag="880"><subfield code="6">100-01/$1</subfield><subfield code="a">李彥,</subfield><subfield code="d">1955-</subfield></datafield><datafield ind1="1" ind2="0" tag="880"><subfield code="6">245-02/$1</subfield><subfield code="a">嫁得西風 =</subfield><subfield code="b">Married to the west wind /</subfield><subfield code="c">李彥 著.</subfield></datafield><datafield ind1=" " ind2=" " tag="880"><subfield code="6">250-03/$1</subfield><subfield code="a">第1版.</subfield></datafield><datafield ind1=" " ind2=" " tag="880"><subfield code="6">260-04/$1</subfield><subfield code="a">Brampton, Ont. :</subfield><subfield code="b">明鏡出版社.</subfield><subfield code="c">1999.</subfield></datafield><datafield ind1="1" ind2=" " tag="880"><subfield code="6">490-05/$1</subfield><subfield code="a">《大家小說》系列 ;</subfield><subfield code="v">7</subfield></datafield><datafield ind1=" " ind2=" " tag="907"><subfield code="y">.b104594779</subfield><subfield code="b">210903</subfield><subfield code="c">140411</subfield></datafield><datafield ind1=" " ind2=" " tag="998"><subfield code="a">rs</subfield><subfield code="b">140624</subfield><subfield code="c">m</subfield><subfield code="d">a  </subfield><subfield code="e">-</subfield><subfield code="f">chi</subfield><subfield code="g">onc</subfield><subfield code="h">0</subfield><subfield code="i">2</subfield></datafield><datafield ind1="f" ind2="f" tag="999"><subfield code="i">61d2d2d3-ece2-57ad-a894-38a42e899b6b</subfield><subfield code="s">fdd31e0b-1e7f-5c56-a85b-aa6e40e22f5b</subfield><subfield code="t">0</subfield></datafield><datafield ind1="f" ind2="f" tag="952"><subfield code="p">Can Circulate</subfield><subfield code="a">Michigan State University-Library of Michigan</subfield><subfield code="b">Michigan State University</subfield><subfield code="c">MSU Remote Storage</subfield><subfield code="d">MSU Remote Storage</subfield><subfield code="t">0</subfield><subfield code="e">PL2877.Y36 J53 1999</subfield><subfield code="h">Library of Congress classification</subfield><subfield code="i">Printed Material</subfield><subfield code="m">31293033735014</subfield><subfield code="n">1</subfield></datafield></record>
</collection>
